@misc{Conlen,
  author = {Conlen, Michael},
  title = {{Réponse à une question posée sur Stack Exchange}},
  howpublished = "\url{http://math.stackexchange.com/questions/203535/proof-about-gcd-and-remainders/203559#203559}",
  year = {2012}
}
@misc{Buys,
  author = {Buys, Alain},
  title = {{Cryptographie et sécurité des systèmes informatiques}},
  year = {2016},
  howpublished = {Slides du cours},
}
@misc{Gillis,
  author = {Gillis, Nicolas},
  title = {{RSA, cryptographie à clé publique}},
  realtitle = {{Cryptographie : Public Key -- RSA}},
  year = {2016},
  howpublished = {Slides du dernier chapitre (bonus) du cours},
}
@book{hac,
  title = {{Handbook of Applied Cryptography}},
  author = {Menezes, Alfred J. and Van Oorschot, Paul C. and Vanstone, Scott A.},
  year = {1996},
  publisher = {{CRC Press}},
  howpublished = "\url{http://cacr.uwaterloo.ca/hac/}"
}
